@InProceedings{Astrom66,
  author = 	 {K. J. {\AA}str\"om},
  title = 	 {Numerical identification of linear dynamic systems for normal operating records},
  booktitle = 	 {Theory of self-adaptive control systems.},
  year =	 1966,
  organization = {IFAC},
  publisher =	 {Plenum Press, New York}
}
                      
@TechReport{Astrom69,
  author = 	 {K. J. {\AA}str\"om},
  title = 	 {Computational aspects of a class of identification problems},
  institution =  {Departement of EE, University of southern California, Los Angeles},
  year = 	 1969
}

@Book{Astrom70,
  author = 	 {K. J. {\AA}str\"om},
  title = 	 {Introduction to stochastic control theory},
  publisher = 	 {Academic Press},
  year = 	 1970,
  volume =	 70,
  series =	 {Mathematics in science and engineering},
  address =	 {New York and London}
}

@Article{Astrom71,
  author = 	 {K. J. {\AA}str\"om and P. Eykhoff},
  title = 	 {System Identification - A survey},
  journal = 	 {Automatica},
  year = 	 1971,
  volume =	 7,
  pages =	 {123--162}
}

@Article{Astrom84,
  author = 	 {K. J. {\AA str\"{o}m} and P. Hagander and J. Sternby},
  title = 	 {Zeros of sampled systems},
  journal = 	 {Automatica},
  year = 	 1984,
  volume =	 20,
  number =	 1,
  pages =	 {31--38}
}

@PhdThesis{Backx87,
  author = 	 {A. Backx},
  title = 	 {Identification of
  an industrial process: A Markov parameter approach},
  school = 	 {University of Eindhoven, The Netherlands},
  year = 	 1987,
  month =	 {November}
}

@Article{Basseville99,
  author = 	 {M. Basseville and M. Abdelghani and A. Benveniste},
  title = 	 {Subspace-based fault detection algorithms for vibration monitoring},
  journal = 	 {Automatica},
  year = 	 1999,
  volume =	 35,
  number =	 11,
  pages =	 {xx--xx}
}

@PhdThesis{Bauer98,
  author = 	 {D. Bauer},
  title = 	 {Some asymptotic theory for the estimaton of linear systems using maximum likelihood methods or subpace algorithms},
  school = 	 {Universit\"at Wien},
  year = 	 1998
}

@Article{Bauer99,
  author = 	 {D. Bauer and M. Janson},
  title = 	 {Analysis of the asymptotic properties of the {MOESP} type of subspace algorithms
},
  journal = 	 {Automatica},
  volume =	 35,
  number =	 7,
  pages =	 {1243--1254},
  year = 	 1999
}

@InProceedings{Bekey69,
  author = 	 {G. A. Bekey},
  title = 	 {Identification of dynamic systems by igital computers.},
  booktitle = 	 {Joint automatic control conference},
  pages =	 {7--18},
  year =	 1969
}

@Book{Bendat90,
  author = 	 {Bendat, J. S.},
  title = 	 {Nonlinear system analysis and identification from
		  random data},
  publisher = 	 {John Wiley \& Sons},
  year = 	 1990
}


@Book{Bendat93,
  author =       {Bendat, J. S. and Piersol, A. G.},
  title =        {Engineering Applications of Correlation and Spectral Analysis},
  publisher =    {Jonh Wiley and Sons, Inc.},
  year =         1993,
  address =      {New York},
  edition =      {Second}
}

@Book{Bergstrom90,
  author = 	 {A. R. Bergstr\"{o}m},
  title = 	 {Continuous time econometric modelling},
  publisher = 	 {Oxford university press},
  year = 	 1990
}

@InProceedings{Bigi94,
  author = 	 {S. Bigi and T. S\"{o}derstr\"{o}m and B. Carlsson},
  title = 	 {An {IV}-scheme for estimating continuous-time
		  stochastic models from discrete-time data},
  booktitle = 	 {Proceedings of the {SYSID} conference 1994},
  volume =	 3,
  year =	 1994,
  pages =	 {645--650}
}


@Article{Billings78,
  author = 	 {Billings, S. A. and Fakhouri, S. Y.},
  title = 	 {Identification of a class of nonlinear systems using correlation analysis},
  journal = 	 {Proceedings of the IEE},
  year = 	 1978,
  volume =	 125,
  number =	 7,
  pages =	 {691-697}
} 

@Article{Billings82,
  author = 	 {Billings, S. A. and Fakhouri, S. Y.},
  title = 	 {Identification systems containing linear dynamic and static nonlinear elements},
  journal = 	 {Automatica},
  year = 	 1982,
  volume =	 18,
  number =	 1,
  pages =	 {15-26}
}

@Article{Bohlin70,
  author = 	 {T. Bohlin},
  title = 	 {On the maximum likelihood method of identification},
  journal = 	 {{IBM} Journal of research and development},
  year = 	 1970,
  volume =	 14,
  number =	 1,
  pages =	 {41--51},
  month =	 {January}
} 

@Article{Bohlin71,
  author = 	 {T. Bohlin},
  title = 	 {On the problem of ambiguities in maximum likelihood identificationA},
  journal = 	 {Automatica},
  year = 	 1971,
  volume =	 7,
  number =	 2,
  pages =	 {199-210},
  month =	 {March}
}

@Inproceedings{Boom93,
  author    = {Van den Boom, T. J. J.},
  booktitle = {12th IFAC World Congress, Sydney, Australia},
  title     = {{MIMO}-systems identification by minimum error bounds},
  year      = 1993}


@InProceedings{Boom2000,
  author = 	 {Boom, T.J.J. van den and B.R.J. Haverkamp},
  title = 	 {  Towards a state-space polytopic uncertainty description using subspace model identification techniques},
  booktitle = 	 {Proceedings of the American Control Conference, Chicago},
  pages =	 {1807--1811},
  year =	 2000,
  month =	 {June}
}

@Article{Boyd85,
  author = 	 {Boyd, S. and Chua, L. O.},
  title = 	 {Fading memory and the problem of approximating
		  non-linear systems with {V}olterra series},
  journal = 	 {IEEE Transactions on Automatic Control},
  year = 	 1985,
  volume =	 32,
  number =	 11,
  pages =	 {1150-1161}
}                              
@Book{Boyd94,
  author    = {S. Boyd and L. El Ghaoui and E. Feron and V. Balakrishnan},
  title     = {Linear Matrix Inequalities in System and Control Theory},
  publisher = {Volume 15 od Studies in Applied Mathematics, SIAM},
  address   = {Philadelphia, PA, USA},
  year      = 1994
  }

@MastersThesis{Braakhuis98,
  author = 	 {J. Braakhuis},
  title = 	 {Linear subspace identification of car models from measurements},
  school = 	 {Delft University of Technology},
  year = 	 1998,
  note =	 {A98.025(802)}
}

@Article{Brewer78,
  author = {J. W. Brewer},
  title = {Kronecker Products and Matrix Calculus in System Theory},
  journal = {{IEEE} Transactions on Circuits and Systems},
  volume = 25,
  number = 9,
  month = {September},
  year = 1978,
  pages = {772--781}
  }

@MastersThesis{Bruls96,
  author = 	 {J. Bruls},
  title = 	 {Application of the Separable Least Squares principle
                  in System Identification},
  school = 	 {Delft University of Technology},
  year = 	 1996,
  month =	 {August},
  note =	 {A96.035(739)}
}

@Article{Bruls99,
  author = 	 {J. Bruls and C. T. Chou and B. R. J. Haverkamp and M. H. Verhaegen},
  title = 	 {Linear and non-linear system identification using separable Least Squares},
  journal = 	 {European Journal of Control},
  year = 	 1999,
  volume = 5,
  number = 1,
  pages = {116--128}

}

@TechReport{Bussgang52,
  author = 	 {J. J. Bussgang},
  title = 	 {Cross correlation functions of amplitude-distorted Gaussian signals},
  institution =  {MIT Electrical Research Laboratory},
  year = 	 1952,
  number =	 216
}

@Book{Caines88,
  author = 	 {P. E. Caines},
  title = 	 {Linear stochastic systems},
  publisher = 	 {John Wiley \& Sons},
  year = 	 1988
}

@Book{Chen95,
  author = 	 {T. Chen and B. Francis},
  title = 	 {Optimal sampled-data control systems},
  publisher = 	 {Springer},
  year = 	 1995
}

@Article{Chou96b,
  author = 	 {C. T. Chou and M. H. Verhaegen},
  title = 	 {Subspace Algorithms for the identification of
		  multivariable dynamic errors-in-variables models.},
  journal = 	 {Automatica},
  year = 	 1997,
  volume =       33,
  number =       10,
  pages =        {1857--1869}
}


@Article{Chou97,
  author = 	 {C. T. Chou and J. M. Maciejowski},
  title = 	 {System identification using balanced parametrizations},
  journal = 	 {{IEEE} Transactions on Automatic Control},
  year = 	 1997,
  volume =	 42,
  number =	 7,
  pages =	 {956--974},
  month =	 {July}
}

@Article{Chou99,
  author = 	 {C.T. Chou and M. H. Verhaegen and R. Johansson},
  title = 	 {Continuous time identification of {SISO} systems
		  using {L}aguerre functions},
  journal = 	 {{IEEE} Transactions on Signal Processing},
  month =        {February},
  volume =       47,
  number =       2,
  pages =        {349},
  year = 	 1999
}


@Article{Chui98,
  author = 	 {N. L. C. Chui and J. M. Maciejowski},
  title = 	 {Criteria for Informative Experiments with Subspace Identificaton},
  journal = 	 {submitted to {SIAM} Journal of Control and Optimization.},
  year = 	 1998
}

@Article{Chun87,
  author = 	 {J. Chun and T. Kailath and H. Lev-ari},
  title = 	 {Fast parallel algorithms for {QR} and triangular factorization},
  journal = 	 {SIAM Journal on Scientific and Statistical Computing},
  year = 	 1987,
  volume =	 8,
  number =	 6,
  pages =	 {899-913}
}

@Article{Clement82,
  author = 	 {Clement, P. R.},
  title = 	 {{L}aguerre functions in signal analysis and parameter identification},
  journal = 	 {J. Franklin Institute},
  year = 	 1982,
  volume =	 313,
  number =	 2,
  pages =	 {85-95}
}

@Misc{Coursenotes,
  author =	 {M. H. Verhaegen},
  title =	 {Analysis and numerical solution of differential
		  algebraic equations},
  howpublished = {course notes in ET11-31},
  year =	 1995,
  month =	 {January}}		  

@InProceedings{DeMoor88,
  author = 	 {B. De Moor and J. Vandewalle and L. Vandenberghe and P. Van Mieghem},
  title = 	 {A geometrical strategy for the identification of state space models of linear multivariable systems with singular value decomposition},
  booktitle = 	 {Proceedings of {IFAC} 88, Beijing, China},
  pages =	 {700-704},
  year =	 1988
}		  

@InProceedings{Diaz98,
  author = 	 {Diaz and Fischer and Medvedev},
  title = 	 {Identification of a vibration process by means of {K}autz functions},
  booktitle = 	 {Proceedings of the MOVIC 98},
  year =	 1998
}


@article{Dooren81,
   author =      {P. van Dooren},
   title =       {A generalized eigenvalue approach for solving riccati 
		  equations},
   journal =     {SIAM J. Sci. Stat. Comput.},
   year =        1981,
   volume =      2,
   number =      2,
   pages=        {121--135}}

@MastersThesis{Edrissi98,
  author = 	 {H. El Edrissi},
  title = 	 {Off- and On-line Identification of {LTI} Systems in
                  Open- and Closed loop},
  school = 	 {Delft University of Technology},
  year = 	 1998,
  key =		 {A98.007(785)},
  month =	 {februari}
}

@InProceedings{Edrissi98a,
  author = 	 {H. El Edrissi and M. H. Verhaegen and B. R. J. Haverkamp and C.T. Chou },
  title = 	 {Off- and on-line identification of discrete time {LTI} systems using seperable least squares},
  booktitle = 	 {Proceedings of the 37th Conference on Decision and Control},
  month =	 {December},
  pages =	 {720--724},
  year =	 1998
}

@Article{Elliot77,
  author = 	 {J. R. Elliot},
  title = 	 {{NASA}'s advanced control law program for the {F}-8
		  digital fly-by-wire aircraft},
  journal = 	 {IEEE Transactions on Automatic Control},
  year = 	 1977,
  volume =	 22,
  pages =	 {753--757}
}

@Article{Eykhoff63,
  author = 	 {P. Eykhoff},
  title = 	 {Some fundamental aspects of process-parameter estimation},
  journal = 	 {{IEEE} Transactions on Automatic Control},
  year = 	 1963,
  volume =	 8,
  pages =	 {347--357}
}

@TechReport{Favoreel96,
  author = 	 {W. Favoreel and B. De Moor and P. Van Overschee},
  title = 	 {Subspace identification of bilinear systems
      subject to white inputs},
  institution =  {ESAT-SISTA, K.U.Leuven, Leuven, Belgium},
  year = 	 1996,
  number =	 {Internal report 96-53},
  month =	 {August}
}

@Unpublished{Favoreel98,
  author = 	 {W. Favoreel and S. van Huffel and B. De Moor and V. Sima and M. H. Verhaegen},
  title = 	 {Comparative study between three subspace identification algorithms},
  note = 	 {Niconet},
  month =	 {August},
  year =	 1998
}

@Article{Favoreel99,
  author = 	 {W. Favoreel and B. De Moor and P. van Overschee},
  title = 	 {Subspace identification of bilinear systems subject to white inputs},
  journal = 	 {IEEE Transactions on Automatic Control},
  year = 	 1999,
  volume =	 44,
  number =	 6,
  month =	 {June}
}


@Book{Fischer66,
  author =	 {F. M. Fischer},
  title = 	 {The identification problem in econometrics},
  publisher = 	 {McGraw-Hill},
  year = 	 1966
}

@InProceedings{Fischer98,
  author = 	 {Fischer and Medvedev},
  title = 	 {Laguerre shift identification of a presurized process},
  booktitle = 	 {Proceedings of the American Control Conference 1998},
  year =	 1998,
  pages =	 {1933-1937}
}

@Book{Gill81,
  author = 	 {P. E. Gill and W. Murray and M. H. Wright},
  title = 	 {Practical optimization},
  publisher = 	 {Academic Press},
  year = 	 1981
}

@Article{Golub73,
  author = {G. H. Golub and V. Pereyra},
  title = {The Differentiation of Pseudo-Inverses and Nonlinear Least
           Squares Problems whose Variables Separate},
  journal = {{SIAM} Journal of Numerical Analysis},
  volume = 10,
  number = 2,
  month = apr,
  year = 1973,
  pages = {413--432}
  }

@Book{Golub93,
  author = 	 {G. H. Golub},
  title = 	 {Matrix computation},
  publisher = 	 {The John Hopkins University Press},
  year = 	 1993,
  address =	 {London},
  edition =	 {second}
}

@Article{Gu92,
author    = {G. Gu and  P. P. Khargonekar},
title     = {A Class of Algorithms for Identification in ${H}_\infty$},
journal   = {Automatica},
year      = {1992},
volume    = {28},
number    = {2},
pages     = {pp229-312}}
		  
@TechReport{Hanzon97,
  author = 	 {B. Hanzon and R. L. M. Peeters},
  title = 	 {Balanced Parameterizations of Stable {SISO} All-pass
                  Systems in Discrete-time},
  institution =  {Maastricht University},
  year = 	 1997,
  number =	 {M 97-05}
}

@Article{Hanzon97b,
  author =       {B. Hanzon and R. J. Ober},
  title =        {Overlapping block-balanced canonical forms and
                  parametrizations: the stable {SISO} case},
  journal =      {SIAM Journal Control and Optimalization},
  year =         1997,
  volume =       35,
  number =       1,
  pages =        {228-242}
}                              
 
@Article{Hanzon98,
  author =       {B. Hanzon and R. J. Ober},
  title =        {Overlapping block-balanced canonical forms for
                  various classes of linear systems},
  journal =      {Linear algebra and its applications},
  year =         1998,
  volume =       281,
  pages =        {171-225}
}

@MastersThesis{Haverkamp95,
  author = 	 {B. R. J. Haverkamp},
  title = 	 {Identification of the human ankle dynamics using
		  state space methods. A95041(703)},
  school = 	 {Delft University of Technology},
  year = 	 1995,
  month =	 {September},
  key =         {A95041(703)}		  
}

@InProceedings{Haverkamp96,
  author = 	 {B. R. J. Haverkamp and C. T. Chou and M. H. Verhaegen and R. Johansson},
  title = 	 {Identification of continuous-time {MIMO} state space
		  models from sampled data, in the presence of process
		  and measurement noise},
  booktitle = 	 {Proceedings of the 35th Conference on Decision and Control},
  year =	 1996,
  page =         {1539--1544}
}

@InProceedings{Haverkamp97,
  author = 	 {B. R. J. Haverkamp AND M. H. Verhaegen AND C. T. Chou AND R. Johansson},
  title = 	 {Continuous-time subspace model identification method using Laguerre filters},
  booktitle = 	 {Proceedings of the 11th {IFAC} Symposium on System Identification},
  year =	 1997,
  pages =	 {1143-1148}
  }

@Article{Haverkamp97b,
  author = 	 {B. R. J. Haverkamp and C. T. Chou and M. H. Verhaegen},
  title = 	 {{SMI} toolbox: A Matlab Toolbox for State Space Model Identification},
  journal = 	 {Journal A},
  year = 	 1997,
  volume =	 38,
  number =	 3,
  pages =	 {34--37},
  month =	 {September}
}
	  

@Article{Haverkamp97c,
  author = 	 {B. R. J. Haverkamp and M. H. Verhaegen and C. T. Chou and  R. Johansson},
  title = 	 {Identification of continuous-time {MIMO} state space models from sampled data, in the presence of process and measurement noise},
  journal = 	 {submitted to:{IEEE} Transactions on Automatic Control},
  year = 	 1997
}

@Manual{Haverkamp97d,
  title = 	 {{SMI}-toolbox; {S}tatespace {M}odel {I}dentification
                  software for multivariable dynamical systems.},
  author =	 {B. R. J. Haverkamp and M. H. Verhaegen},
  organization = {Delft University of Technology},
  edition =	 1,
  year =	 1997
}

@InProceedings{Haverkamp98,
  author = 	 {B. R. J. Haverkamp and C. T. Chou and M. H. Verhaegen},
  title = 	 {Subspace identification of continuous-time {W}iener models.},
  booktitle = 	 {Proceedings of the 37th conference on Decision and Control},
  pages =	 {1846--1847}, 
  month =	 {December},
  year =	 1998
}


@InProceedings{Haverkamp99,
  author = 	 {B. R. J. Haverkamp and M. H. Verhaegen and C. T. Chou and R. Johansson},
  title = 	 {Tuning of the continuous-time {K}alman filter from sampled data}, 
  booktitle = 	 {Proceedings of the American Control Conference 1999},
  pages =	 {},
  month =	 {June},
  year =	 1999
}

@TechReport{Haverkamp99b,
  author = 	 {B. R. J. Haverkamp},
  title = 	 {Efficient implementation of Subspace Model Identification algorithms},
  institution =  {Niconet},
  year = 	 1999,
  key =		 {1999-3},
  month =	 {March}
}



@Article{Helmicki91,
author    = {Helmicki, A. J. and Jacobsen, C. A. and Nett, C. N.},
title     = {Control oriented System Identification: 
             A worst Case/Deterministic Approach in ${H}_{\infty}$},
journal   = {{IEEE} Transactions on Automatic Control},
month     = {October},
year      = {1991},
number    = {10},
volume    = {AC-36},
pages     = {1163-1176}}
@PhdThesis{Heuberger91,
  author = 	 {P. Heuberger},
  title = 	 {On Approximate system identification with system
		  based othonormal functions},
  school = 	 {Delft University of Technology},
  year = 	 1991
}


@Article{Ho66,
  author = 	 {Ho, B. L. and Kalman, R. E.},
  title = 	 {Effective Construction of Linear, State-Variable Models from
         Input/Output Functions},
  journal = 	 {Regelungstechnik},
  year = 	 1966,
  volume =	 14,
  pages =	 {545--548}
}

@Article{Hunter82,
  author = 	 {I. W. Hunter and R. E. Kearney},
  title = 	 {Dynamics of human ankle stiffness: Variation with
		  mean ankle torque},
  journal =	 {J. Biomechanics},
  year =	 1982,
  volume =	 15,
  number =	 10,
  pages =	 {747-752}
}
		  
@Article{Hunter83,
  author =       {I. W. Hunter and R. E. Kearney},
  title = 	 {Two-sided linear filter identification},
  journal =	 {Med. \& Biol. Eng. \& Comput.},
  year =	 1983,
  volume =	 21,
  pages =	 {203--209}
}

@Article{Hunter86,
  author = 	 {Hunter, I. and Korenberg, M. J.},
  title = 	 {Identification of nonlinear biological systems: {W}iener and {H}ammerstein models},
  journal = 	 {Biological Cybernetics},
  year = 	 1986,
  volume =	 55,
  pages =	 {135-144}
}


@InProceedings{Jansson96,
  author = 	 {M. Jansson and B. Wahlberg},
  title = 	 {On consistency of subspace system identification methods},
  booktitle = 	 {Proceedings of {IFAC}-96},
  year =	 1996
}

@InProceedings{Jansson97,
  author = 	 {M. Jansson and B. Wahlberg},
  title = 	 {Counterexample to general consistency of subspace
                  system identification methods},
  booktitle = 	 {Proceedings of the {SYSID} conference 1997},
  volume =	 4,
  year =	 1997,
  pages =	 {1677-1682}
}

@Article{Jansson98,
  author = 	 {M. Jansson and B. Wahlberg},
  title = 	 {On consistency of subspace system identification methods},
  journal = 	 {Automatica},
  year = 	 1998,
  volume =	 34,
  number =	 12,
  pages =	 {1507--1519}
}

@InProceedings{Johansson99,
  author = 	 {Johansson, R. and M. Verhaegen and B. R. J. Haverkamp and 
                  C. T. Chou},
  title = 	 {Correlation Methods of Continuous-time State-space Model 
                  Identification},
  booktitle = 	 {Conference Proceedings of the European Control Conference 
                  (ECC'99), Karlsruhe, Germany},
  month =        {August},
  year =	 1999
}

@Article{Johansson94,
  author = 	 {R. Johansson},
  title = 	 {Identification of continuous-time models},
  journal = 	 {{IEEE} Transactions on Signal Processing},
  year = 	 1994,
  volume =	 42,
  number =	 2,
  month =	 {April},
  pages =	 {887--897}
}

@Misc{Johansson97,
  author = 	 {R. Johansson and A. Robertsson and M. H. Verhaegen},
  title = 	 {State space system identification of robot
                  manipulator dynamics},
  booktitle = 	 {Working paper, Lund Institute of Technology},
  year =	 1997,
  month =	 {july}
}

@Article{Johansson99,
  author = 	 {R. Johansson and M. H. Verhaegen and C. T. Chou},
  title = 	 {Stochastic theory of continuous-time state space identification},
  journal = 	 {{IEEE} Transactions on Signal Processing},
  year = 	 1999,
  volume =	 47,
  number =	 1,
  page =         {41--51},
  month=         {January}
}
 

@InProceedings{Juang91,
  author = 	 {J. N. Juang and M. Phan and L. G. Horta and R. W. Longman},
  title = 	 {Identification of observer/{K}alman filter {M}arkov parameters: Theory and experiments},
  booktitle = 	 {AIAA-91},
  year =	 1991,
  pages =	 {1195-1206}
}
                      
@Book{Kailath80,
  author = 	 {T. Kailath},
  title = 	 {Linear Systems},
  publisher = 	 {Prentice-Hall Inc.},
  year = 	 1980,
  address =	 {Englewood Cliffs N.J.}
}

@Article{Kailath94,
  author = 	 {T. Kailath and J. Chun},
  title = 	 {Generalized  displacement structure for block-{T}oeplitz,
{T}oeplitz-block and {T}oeplitz-derived matrices},
  journal = 	 {SIAM  Joural on Matrix Analysis and Applications},
  year = 	 1994,
  volume =	 15,
  number =	 1,
  pages =	 {114--128}
}


@Article{Kalafatis95,
  author = 	 {A. Kalafatis and N. Arifin and L. Wang and W. R. Cluett},
  title = 	 {A new approach to the identification of {pH} processes based on the {W}iener model},
  journal = 	 {Chemical Engineering Science},
  year = 	 1995,
  volume =	 50,
  number =	 23,
  pages =	 {3693-3701}
}

@Article{Kalman60,
  author = 	 {R. E. Kalman},
  title = 	 {A new approach to linear filtering and prediction problems},
  journal = 	 {Transactions of the ASME Journal of Basic Engineering},
  year = 	 1960,
  volume =	 82,
  pages =	 {35--45}
}


@Article{Kearney90,
  author = 	 {R. E. Kearney and I. W. Hunter},
  title = 	 {System Identification of Human Joint Dynamics},
  journal = 	 {Critical Reviews in Biomedical Enineering},
  year = 	 1990,
  volume =	 18,
  number =	 1,
  pages =	 {55-87}
}

@Manual{Kollar99,
  title = 	 {Graphical User Interface, Objects, and Improved 
                  Numerical Stability -- New Developments in the Frequency 
                  Domain System Identification Toolbox},
  author =	 {I. Koll\'ar and R. Pintelon and Gy. Rom\'an and J. Schoukens and Gy. Simon},
  organization = {Department of Measurement and Information Systems, Technical Unversity of Budapest, Hungary},
  annote =	 {http://www.mit.bme.hu/~kollar/topics/fdidgui/fdident-ext.html}
}

@MastersThesis{Koning96,
  author = 	 {R. Koning},
  title = 	 {Parameter identification of induction motors without
		  differentiation},
  school = 	 {Delft University of Technology},
  year = 	 1996,
  month =	 {May},
  note =         {A96010(714)}
}

@Article{Kosut92,
author    = {R. L. Kosut and M. K. Lau and S. P. Boyd},
title     = {Set-Membership Identification of Systems with Parametric and
             Nonparametric Uncertainty},
journal   = {{IEEE} Transactions on Automatic Control},
month     = {July},
year      = {1992},
number    = {7},
volume    = {AC-37},
pages     = {929-941}}
 
@Article{Kronecker1890,
  author = 	 {L. Kronecker},
  title = 	 {Algebraische Reduktion der Schaaren Bilinearer Formen},
  journal = 	 {S.B. Akad. Berlin},
  year = 	 1890,
  pages =	 {663-776}
}
      
@InProceedings{Kukreja95,
  author = 	 {S. L. Kukreja and B. R. J. Haverkamp and D. T. Westwick
		  and R. E. Kearney and H. L. Galiana and M. H. Verhaegen },
  title = 	 {Subspace Identification Method for Ankle Mechanics},
  booktitle = 	 {Proceedings of the EMBC 95},
  number =	 666,
  series=        4,	  
  year =	 1995,
  organization = {IEEE}
}

@inproceedings{Kung78,
  author = {Kung, S. K.},
  title = {A new low-order approximation algorithm via singular value
decomposition},
  booktitle = {Proceedings 12th Asilomar Conference on Circuits,
                  Systems and Computers},
  pages = {705-714},            
  year = {1978}}

@InProceedings{Larimore90,
  author =       {W. Larimore},
  title =        {Canonical Variate Analysis in Identification, Filtering 
                 and Adaptive Control},
  booktitle =    {Proceedings of the 29th {IEEE} Conference on Decision and
                  Control},
  address =      {Hawaii},
  pages =        {596-604},
  year  =        1990
}
		  
@Manual{Larimore94,
  title = 	 {Automated multi-variable system identification and
                  time series analysis software},
  author =	 {W. E. Larimore},
  organization = {Adaptics, Inc.},
  year =	 1994
}

@Book{Ljung87,
  author = 	 {L. Ljung},
  title = 	 {System Identification: Theory for the user},
  publisher = 	 {Prentice Hall},
  year = 	 1987
}
@Manual{Ljung91,
  title = 	 {System identification toolbox for use with {M}matlab},
  author =	 {L. Ljung},
  organization = {The Mathworks inc.},
  address =	 { Mass. USA},
  year =	 1991
}

@Book{Ljung94,
  author =	 {L. Ljung and T. Glad},
  title = 	 {Modeling of  dynamical systems},
  publisher = 	 {Prentice Hall},
  year = 	 1994,
  series =	 {Information and System Sciences}
}

@Article{Lovera98,
  author = 	 {M. Lovera and M. H. Verhaegen},
  title = 	 {Recursive subspace identification of linear and non-linear {W}iener type models},
  journal = 	 {{IEEE} Conference on Control Applications, Trieste, Italy},
  year = 	 1998
}

@Article{Lovera98b,
  author = 	 {M. Lovera and T. Gustavsson and M. H. Verhaegen},
  title = 	 {Recursive Subspace Identification of Linear and Non-linear {W}iener State Space Systems},
  journal = 	 {To appearin Automatica},
  year = 	 2001
}

@Book{Luyben90,
  author = 	 {W. L. Luyben},
  title = 	 {Process Modeling, Simulation and Control for
                  Chemical Engineers},
  publisher = 	 {McGraw-Hill},
  year = 	 1990
}

@Article{Makila90,
  author = 	 {P. M. {M\"akil\"a}},
  title = 	 {Approximation of stable systems by {L}aguerre filters},
  journal = 	 {Automatica},
  year = 	 1990,
  volume =	 26,
  number =	 2,
  pages =	 {333-345}
}

@InBook{Maletinsky79,
  author = 	 {V. Maletinsky},
  chapter = 	 {Idenitification of continuous dynamical systems with 'spline type' modulating functions method},
  title = 	 {Identification and system parameter estimation},
  publisher = 	 {Pergamon, Oxford},
  year = 	 1979,
  pages =	 {275--282}
}

@Book{Middleton90,
  author = 	 {R. H. Middleton AND G. C. Goodwin},
  title = 	 {Digital control and estimation, a unified approach},
  publisher = 	 {Prentice Hall},
  year = 	 1990
}

@MastersThesis{Monsees97,
  author = 	 {G. Monsees},
  title = 	 {Object oriented modeling and simulation of hybrid
                  systems},
  school = 	 {Delft University of Technology},
  year = 	 1997,
  month =	 {June}
}

@InCollection{Moonen91,
  author = 	 {M. Moonen and B. de Moor and J. Vandewalle},
  title = 	 {{SVD}-based subspace methods for multivariable
		  continuous-time systems identification},
  booktitle = 	 {Identification of continuous-time systems},
  publisher =	 {Kluwer Academic Publishers},
  year =	 1991,
  editor =	 {N.K. Sinha and G.P. Rao},
  pages =	 {473--488}
}

@TechReport{Moonen91b,
  author = 	 {Marc Moonen and Bart De Moor and Joos VandeWalle},
  title = 	 {SVD-based subspace methods for multivariable
		  continuous-time systems identification},
  institution =  {ESAT Katholieke Universiteit Leuven},
  year = 	 1991}

@article{Moonen92,
   author =      {Marc Moonen and Bart de Moor and Jose Ramos},
   Title =       {A subspace identification algorithm for descriptor systems},
   journal =     {Systems and Control Letters},
   year  =       1992,
   volume =      19,
   pages =       {47--52}}

@InProceedings{Niemi77,
  author = 	 {Niemi, A. J. and Jutila, P.},
  title = 	 {{pH} control by linear algorithms},
  booktitle = 	 {Digital Applications to Process Control},
  editor =	 {Van Nauta Lemke},
  year =	 1977,
  pages =	 {289-287}
}

@Article{Overschee94,
  author = 	 {Peter van Overschee and Bart de Moor},
  title = 	 {{N4SID}: Subspace Algorithms for the identification
		  of combined deterministic stochastic systems},
  journal = 	 {Automatica},
  year = 	 1994,
  volume =	 30,
  number =	 1,
  pages =	 {75--93}
}

@Article{Part1,
  author = 	 {M. H. Verhaegen and P. Dewilde},
  title = 	 {Subspace model identification Part 1. {T}he
		  output-error state space model identification class
		  of algorithms},
  journal =	 {International Journal of Control},
  year =	 1992,
  volume =	 56,
  number =	 5,
  pages =	 {1187--1210}
}

@article{Part2,
  author = 	 {M. H. Verhaegen and P. Dewilde},
  title = 	 {Subspace model identification Part 2. {A}nalysis of the
		  elementary output-error state space model
		  identification algorithm},
  journal = 	 {International Journal of Control},
  year = 	 1992,
  volume =	 56,
  number =	 5,
  pages =	 {1211--1241}
}


@article{Part3,
   author=       {M. H. Verhaegen},   
   title=        {Subspace model identification, Part 3. {A}nalysis of the
		  ordinary output-error state space model
		  identification algorithm},
   journal=      {International Journal of Control},
   year=         1993,
   volume=       58,
   pages=        {555--586}}

@Article{Pearson79,
  author = 	 {A. E. Pearson},
  title = 	 {Nonlinear system identification with limited time-data},
  journal = 	 {Automatica},
  year = 	 1979,
  volume =	 15,
  pages =	 73
}

@InProceedings{Peternell95,
  author = 	 {K. Peternell and W. Scherrer and M. Deistler},
  title = 	 {Statistical analysis of subspace identification methods},
  booktitle = 	 {Proceedings of 3rd European control conference},
  year =	 1995,
  month =	 {September},
  pages =	 {1432--1347}
}                            
b

@Article{Peternell96,
  author = 	 {K. Peternell and W. Scherrer and M. Deistler},
  title = 	 {Statistical analysis of novel subspace identification methods},
  journal = 	 {Signal Processing},
  year = 	 1996,
  volume =	 52,
  pages =	 {161--177}
}
		  
@InProceedings{Peters99,
  author = 	 {R. L. M. Peters and B. Hanzon and M. Olivi},
  title = 	 {Balanced realization of discrete-time stable all-pass
                  systems and the tangential schur algorithm},
  booktitle = 	 {Proceedings of the European Control Conference 1999},
  year =	 1999
}
		  
@Article{Phadke74,
  author = 	 {M. S. Phadke and S. M. Wu},
  title = 	 {Modeling of continuous stochastic processes from
                  discrete observations with application to sunspot data.},
  journal = 	 {Journal of the American Statistical Association},
  year = 	 1974,
  volume =	 66,
  number =	 346
}
% help here

@Article{Rao76,
  author = 	 {G. P. Rao and L. Sivakumar},
  title = 	 {Identification of deterministic time lag systems},
  journal = 	 {{IEEE} Transactions on Automatic Control},
  year = 	 1976,
  volume =	 21,
  pages =	 527
}
	
	  
@Book{Rugh93,
  author =	 {W. J. Rugh},
  title = 	 {Linear system theory},
  publisher = 	 {Prentice Hall},
  year = 	 1993
}

@Article{Ruhe80,
  author = 	 {A. Ruhe and P.{\AA} Wedin},
  title = 	 {Algorithm for seperable nonlinear least squares problems},
  journal = 	 {SIAM Rev},
  year = 	 1980,
  volume =	 22,
  number =	 3,
  pages =	 {318--337}
}
% help here


@Book{Saha83,
  author =	 {D. C. Saha and G. P. Rao},
  title = 	 {Identification of continuous dynamical systems - The Poisson moment functional (PMF) approach.},
  publisher = 	 {Springer},
  year = 	 1983,
  address =	 {Berlin}
}

@Book{Sinha91,
  author = 	 {N. K. Sinha and G. P. Rao},
  title = 	 {Identification of continuous-time systems},
  publisher = 	 {Kluwer Academic Publishers},
  year = 	 1991
}


@PhdThesis{Sjoberg95,
  author = 	 {Jona Sj\"oberg},
  title = 	 {Non-linear System identification with neural networks},
  school = 	 {Link\"oping University},
  year = 	 1995
}

@Book{Soderstrom89,
  author = 	 {S\"oderstr\"om, T. and Stoica, P.},
  title = 	 "System identification",
  publisher = 	 "Prentice Hall",
  year = 	 1989
}

@Article{Soderstrom91,
  author = 	 {T. S\"oderstr\"om},
  title = 	 {Computing stochastic continuous-time models from
                  {ARMA} models},
  journal = 	 {International Journal of Control},
  year = 	 1991,
  volume =	 53,
  number =	 6,
  pages =	 {1311--1326}
}

@InProceedings{Soderstrom95,
  author = 	 {T. S\"{o}derstr\"{o}m and H. Fan and S. Bigi and B. Carlsson},
  title = 	 {Can a least-squares fit be feasible for modelling
		  continuous-time autoregressive processes from
		  discrete-time data?},
  booktitle = 	 {Proceedings of the 34th Conference on Decision \& Control},
  year =	 1995,
  organization = {{IEEE}},
  pages =	 {1795--1800}
}

@Article{Soderstrom97,
  author = 	 {T. S\"oderstr\"om and H. Fan and B.
                  Carlsson and S. Bigi},
  title = 	 {Least Squares parameter estimates of continuous-time
                  {ARX} models from discrete-time data},
  journal = 	 {{IEEE} Transactions on Automatic Control},
  year = 	 1997,
  volume =	 42,
  number =	 5,
  month =	 {may},
  pages =	 {659--673}
}

@Article{Steward73,
  author = 	 {G. W. Steward},
  title = 	 {Error and perturbation bounds for subspaces
                  associated with certain eigenvalue problems},
  journal = 	 {{SIAM} Review},
  year = 	 1973,
  volume =	 15,
  pages =	 {727-64}
}

@Article{Steward77,
  author = 	 {G. W. Steward},
  title = 	 {Perturbation bounds for the {QR} factorization of a matrix},
  journal = 	 {{SIAM} Journal of Numerical Analysis},
  year = 	 1997,
  volume =	 14,
  number =	 3,
  month =	 {June},
  pages =	 {509--518}
}

@MastersThesis{Strompf98,
  author = 	 {Jeroen Strompf},
  title = 	 {System Identification using Seperable Least Squares},
  school = 	 {Delft University of Technology},
  year = 	 1998,
  key =		 {A98.007(xxx)},
  month =	 {September}
}

@Article{Tulleken90,
  author = 	 {H. J. A. F. Tulleken},
  title = 	 {Generalized binary noise test-signal concept for
                  improved identification-experiment design},
  journal = 	 {Automatica},
  year = 	 1990,
  volume =	 26,
  number =	 1,
  pages =	 {37--49}
}

@Book{Unbehauen87,
  author = 	 {H. Unbehauen and G.P. Rao},
  title = 	 {Identification of continuous systems},
  publisher = 	 {North Holland Publishing Company},
  year = 	 1987,
  address =	 {Amsterdam}
}

@Article{Unbehauen90,
  author = 	 {H. Unbehauen and G. P. Rao},
  title = 	 {Continuous-time approaches to system identificaton -
		  {A} survey},
  journal = 	 {Automatica},
  year = 	 1990,
  volume =	 26,
  number =	 1,
  pages =	 {23--35}
}

@Article{VanOverschee94,
  author = 	 {P.~van~Overschee and B.~de~Moor},
  title = 	 {Subspace algorithms for the Identification of combined deterministic-stochastic systems},
  journal = 	 {Special Issue on Statistical Signal Processing and Control of Automatica},
  year = 	 1994,
  volume =	 30,
  number =	 1,
  pages =	 {75-93}
}

@Manual{VanOverschee94b,
  title = 	 {Xmath Interactive System Identification Module, Part 2},
  author =	 {P. van Overschee and B. de Moor and H. Aling and R. Kosut
                  and S. Boyd},
  organization = {Integrated Systems Inc., Santa Clara, CA USA},
  year =	 1994
}

@Book{VanOverschee96,
  author = 	 {P. van Overschee and B. de Moor},
  title = 	 {Subspace identification for linear systems},
  publisher = 	 {Kluwer Academic Publishers},
  year = 	 1996,
  address =	 {Dordrecht}
}

@Article{Vandenhof94,
  author = 	 {P. M. J. Van den Hof and P. S. C. Heuberger and
		  J. Bokor},
  title = 	 {System Identification with generalized orthonormal
		  basis functions},
  journal = 	 {Submitted to Automatica},
  year = 	 1994
}

@InProceedings{Verdult99,
  author = 	 {V. Verdult and M. H. Verhaegen and C. T. Chou},
  title = 	 {Identification of {MIMO} Bilinear State Space Models Using Separable Least Squares},
  booktitle = 	 {Proceedings of the American Control Conference},
  pages =	 {838--842},
  year =	 1999
}
@InProceedings{Verhaegen91,
  author = 	 {M. H. Verhaegen},
  title = 	 {A novel non-iterative {MIMO} state space model identificaton technique.},
  booktitle = 	 {Proceedings of the 9th {IFAC}/{IFORS} Symposium on Identification and System parameter estimation, Budapest, Hungary},
  pages =	 {1453--1458},
  year =	 1991
}

@Article{Verhaegen93,
  author = 	 {M. H. Verhaegen},
  title = 	 {Application of a Subspace Model Identification Technique to identify LTI systems operating in closed loop},
  journal = 	 {Automatica},
  year = 	 1993,
  volume =	 29,
  number =	 4,
  pages =	 {1027-1040}
}	  

@article{Verhaegen94a,
   author=       {M. H. Verhaegen},
   title=        {A subspace model identification solution to the 
		  identification of mixed causal, anti-causal {LTI} systems},
   journal=      {SIAM Journal on matrix analysis and applications},
   year=         1994
}

@article{Verhaegen94b,
  author = 	 {M. H. Verhaegen},
  title = 	 {Identification of the deterministic part of {MIMO}
		  state space models given in innovations form from
		  input-output data},
  journal = 	 {Automatica},
  year = 	 1994,
  volume =	 30,
  number =	 1,
  pages =	 {61--74}
}
@TechReport{Verhaegen94c,
  author = 	 {M. H. Verhaegen and A. Varga},
  title = 	 {Some Experience with the MOESP class of Subspace model Idenfication methods in identifying the BO105 helicopter},
  institution =  {DLR},
  year = 	 1994,
  number =	 {TR R 165-94}
}
@Article{Verhaegen95,
  author = 	 {M. H. Verhaegen and D. T. Westwick},
  title = 	 {Identifying {MIMO} {H}ammerstein systems in the context of
		  subspace model identification methods},
  journal = 	 {International Journal of Control},
  year = 	 1996,
  volume =	 63,
  number =	 2,
  pages =	 {331-349}
}


@Article{Verhaegen95b,
  author = 	 {M. H. Verhaegen and D. T. Westwick and R. E. Kearney},
  title = 	 {The use of a bilinear transformation of the shift
                  operator in Subspace Model Identification},
  journal = 	 {{IEEE} Transactions on Automatic Control},
  year = 	 1995
}

@Booklet{Verhaegen95c,
  title = 	 {The subspace identification approach to identify
                  multi-variable dynamical systems and robust conrol of
                  linear time-varying systems},
  author =	 {M. H. Verhaegen},
  howpublished = {Delft University of Technology },
  year =	 1995
}

@Article{Verhaegen96,
  author = 	 {M. H. Verhaegen and R. Johansson and B. R. J. Haverkamp
		  and C. T. Chou},
  title = 	 {Use of generalized othogonal bases in three general
		  {MIMO}, {LTI} system identification problems},
  journal = 	 {not yet published},
  year = 	 1996
}

@Article{Verhaegen96b,
  author = 	 {M. H. Verhaegen},
  title = 	 {Identification of the temperature-product quality relationship in a multi-component distillation column},
  journal = 	 {Chemical Engineering Communications},
  year = 	 1998,
  volume =       163,
  pages =        {111-132},
  month =	 {January},
  note =	 {Invited Paper}
}


@InProceedings{Verhaegen97,
  author = 	 {R. Babuska and J. Keizer and M. H. Verhaegen},
  title = 	 {Identification of nonlinear dynamic systems as a
                  composition of local linear parametric or state space
                  models},
  booktitle = 	 {Proceedings of the {SYSID} conference 1997},
  year =	 1997,
  month =	 {july}
}

@Article{Verhaegen98,
  author = 	 {M. H. Verhaegen},
  title = 	 {Identification of the temperature-product quality relationship in a multi-component distillation column},
  journal = 	 {Chemical Engineering Communications},
  year = 	 1998,
  volume =	 163,
  pages =	 {111-132}
}


@InProceedings{Viberg91, 
  author = 	 {M.Viberg and B. Otterson and B. Wahlberg and L. Ljung},
  title = 	 {A statistical perspective on state space modeling
		  using subspace methods.},
  booktitle = 	 {Proceedings of the 30th {IEEE} Conference on Decision
		  and Control},
  year =	 1991,
  organization = {IEEE},
  month =	 {December},
  pages =	 {1337--1342},
  keyword =      {brighton paper}		  
}

@Article{Viberg95,
  author = 	 {M. Viberg and B. Wahlberg and B. Otterste},
  title = 	 {Analysis of state space system identification
		  methods based on instrumental variables and
		  subspace fitting},
  journal = 	 {Automatica},
  volume =	 33,
  number =	 9,
  pages =	 {1603--1616},
  year = 	 1997
}

@Article{Viberg95b,
  author = 	 {M. Viberg},
  title = 	 {Subspace-based methods for the identification of linear time-invariant systems},
  journal = 	 {Automatica},
  year = 	 1995,
  volume =	 31,
  number =	 12,
  pages =	 {1835--1851}
}

@Article{Wahlberg91,
  author = 	 {B. Wahlberg},
  title = 	 {System identification using {L}aguerre models},
  journal = 	 {{IEEE} Transactions on Automatic Control},
  year = 	 1991,
  volume =	 36,
  number =	 5,
  pages =	 {511--562}
}
@Article{Wahlberg94,
  author = 	 {B. Wahlberg},
  title = 	 {System identification using Kautz models},
  journal = 	 {{IEEE} Transactions on Automatic Control},
  year = 	 1994,
  volume =	 39,
  number =	 6,
  month =	 {June},
  pages =	 {1276--1282}
}
@Article{Wang94,
  author = 	 {L. Wang and W. R. Cluett},
  title = 	 {Optimal choice of time-scaling factor for linear system approximations using Laguerre models},
  journal = 	 {{IEEE} Transactions on Automatic Control},
  year = 	 1994,
  volume =	 39,
  number =	 7,
  pages =	 {1462--1467}
}

@PhdThesis{Westwick95a,
  author = 	 {D. T. Westwick},
  title = 	 {Methods for the identification of multiple-input
		  nonlinear systems},
  school = 	 {McGill University},
  year = 	 1995,
  address =	 {Montr\'eal}
}

@Article{Westwick96,
  author = 	 {D. T. Westwick and M. H. Verhaegen},
  title = 	 {Identifying {MIMO} {W}iener systems using subspace model identification Methods},
  journal = 	 {Signal Processing},
  year = 	 1996,
  volume =	 52,
  number =	 2,
  pages =	 {235-258}
}

@InProceedings{Westwick97,
  author = 	 {D. T. Westwick and R. E. Kearney and M. H. Verhaegen},
  title = 	 {An efficient implementation of the \textsc{pi} subspace state-space system identification algorithm},
  booktitle = 	 {{IEEE} conference on {E}ngeering, {M}edicine and {B}iology},
  year =	 1997,
  volume =	 {18},
  pages =	 {690},
}


@Article{Wigren94,
  author = 	 {T. Wigren},
  title = 	 {Convergence analysis of recursive identification
                  algorithms based on the nonlinear {W}iener model.},
  journal = 	 {{IEEE} Transactions on Automatic Control},
  year = 	 1994,
  volume =	 39,
  number =	 11,
  month =	 {November},
  pages =	 {2191--2205}
}

@Article{Young81,
  author = 	 {P. Young},
  title = 	 {Parameter Estimation for Continuous-time models -- A
                  survey},
  journal = 	 {Automatica},
  year = 	 1981,
  volume =	 17,
  number =	 1,
  pages =	 {23--39}
}

@InProceedings{Zhao94,
  author = 	 {Z. Y. Zhao and S. Sagara},
  title = 	 {Comparison of direct and indirect approaches for
		  continuous system identification},
  booktitle = 	 {Proceedings of the {SYSID} conference 1994},
  volume =	 3,
  year =	 1994,
  pages =	 {639--644}
}


@TechReport{sce98.003,
  title = 	 {Subspace identification of continuous-time {W}iener models},
  institution =  {Delft University of Technology},
  author = 	 {B. R. J. Haverkamp and C. T. Chou and M. H. Verhaegen},
  year = 	 1998,
  month =	 {March},
  type =	 {SCE98.003},
  edition =	 1,
}







